This XML file does not appear to have any style information associated with it. The document tree is shown below.
        <!--
          ~ This file is part of dispositif/wikibot application
          ~ 2019 © Philippe M. <dispositif@gmail.com>
          ~ For the full copyright and MIT license information, please view the LICENSE file.
          -->

<srw:searchRetrieveResponse xmlns:srw="http://www.loc.gov/zing/srw/"
                            xmlns="http://catalogue.bnf.fr/namespaces/InterXMarc"
                            xmlns:ixm="http://catalogue.bnf.fr/namespaces/InterXMarc"
                            xmlns:mn="http://catalogue.bnf.fr/namespaces/motsnotices">
    <srw:version>1.2</srw:version>
    <srw:echoedSearchRetrieveRequest>
        <srw:version>1.2</srw:version>
        <srw:query>bib.isbn adj "2951317522"</srw:query>
    </srw:echoedSearchRetrieveRequest>
    <srw:numberOfRecords>1</srw:numberOfRecords>
    <srw:records>
        <srw:record>
            <srw:recordSchema>marcxchange</srw:recordSchema>
            <srw:recordPacking>xml</srw:recordPacking>
            <srw:recordData>
                <mxc:record xmlns:mxc="info:lc/xmlns/marcxchange-v2" format="UNIMARC" id="ark:/12148/cb37094488h"
                            type="Bibliographic">
                    <mxc:leader>nam 22 450</mxc:leader>
                    <mxc:controlfield tag="001">FRBNF370944880000008</mxc:controlfield>
                    <mxc:controlfield tag="003">http://catalogue.bnf.fr/ark:/12148/cb37094488h</mxc:controlfield>
                    <mxc:datafield tag="010" ind1=" " ind2=" ">
                        <mxc:subfield code="a">2-9513175-2-2</mxc:subfield>
                        <mxc:subfield code="b">rel.</mxc:subfield>
                        <mxc:subfield code="d">190 F</mxc:subfield>
                    </mxc:datafield>
                    <mxc:datafield tag="020" ind1=" " ind2=" ">
                        <mxc:subfield code="a">FR</mxc:subfield>
                        <mxc:subfield code="b">00056222</mxc:subfield>
                    </mxc:datafield>
                    <mxc:datafield tag="039" ind1=" " ind2=" ">
                        <mxc:subfield code="o">OPL</mxc:subfield>
                        <mxc:subfield code="a">025195800</mxc:subfield>
                    </mxc:datafield>
                    <mxc:datafield tag="100" ind1=" " ind2=" ">
                        <mxc:subfield code="a">20308s 1u9 . ..m y0fre 50</mxc:subfield>
                    </mxc:datafield>
                    <mxc:datafield tag="101" ind1="0" ind2=" ">
                        <mxc:subfield code="a">fre</mxc:subfield>
                    </mxc:datafield>
                    <mxc:datafield tag="102" ind1=" " ind2=" ">
                        <mxc:subfield code="a">RE</mxc:subfield>
                    </mxc:datafield>
                    <mxc:datafield tag="105" ind1=" " ind2=" ">
                        <mxc:subfield code="a">a z 00|y|</mxc:subfield>
                    </mxc:datafield>
                    <mxc:datafield tag="106" ind1=" " ind2=" ">
                        <mxc:subfield code="a">r</mxc:subfield>
                    </mxc:datafield>
                    <mxc:datafield tag="181" ind1=" " ind2="0">
                        <mxc:subfield code="6">01</mxc:subfield>
                        <mxc:subfield code="a">i</mxc:subfield>
                        <mxc:subfield code="b">xxxe</mxc:subfield>
                        <mxc:subfield code="a">b</mxc:subfield>
                        <mxc:subfield code="b">xb2e</mxc:subfield>
                    </mxc:datafield>
                    <mxc:datafield tag="181" ind1=" " ind2=" ">
                        <mxc:subfield code="6">02</mxc:subfield>
                        <mxc:subfield code="c">txt</mxc:subfield>
                        <mxc:subfield code="c">sti</mxc:subfield>
                        <mxc:subfield code="2">rdacontent</mxc:subfield>
                    </mxc:datafield>
                    <mxc:datafield tag="182" ind1=" " ind2="0">
                        <mxc:subfield code="6">01</mxc:subfield>
                        <mxc:subfield code="a">n</mxc:subfield>
                    </mxc:datafield>
                    <mxc:datafield tag="182" ind1=" " ind2=" ">
                        <mxc:subfield code="6">02</mxc:subfield>
                        <mxc:subfield code="c">n</mxc:subfield>
                        <mxc:subfield code="2">rdamedia</mxc:subfield>
                    </mxc:datafield>
                    <mxc:datafield tag="200" ind1="1" ind2=" ">
                        <mxc:subfield code="a">Le canton de Saint-Gilles-Croix-de-Vie en Vendée</mxc:subfield>
                        <mxc:subfield code="b">Texte imprimé</mxc:subfield>
                        <mxc:subfield code="f">André-Hubert Hérault, Jean de Raigniac</mxc:subfield>
                    </mxc:datafield>
                    <mxc:datafield tag="210" ind1=" " ind2=" ">
                        <mxc:subfield code="a">Aizenay</mxc:subfield>
                        <mxc:subfield code="c">Éd. de Bonnefonds</mxc:subfield>
                        <mxc:subfield code="d">1999</mxc:subfield>
                        <mxc:subfield code="e">85-La Mothe-Achard</mxc:subfield>
                        <mxc:subfield code="g">Impr. Offset cinq</mxc:subfield>
                    </mxc:datafield>
                    <mxc:datafield tag="215" ind1=" " ind2=" ">
                        <mxc:subfield code="a">288 p.</mxc:subfield>
                        <mxc:subfield code="c">ill. en noir et en coul., couv. ill. en coul.</mxc:subfield>
                        <mxc:subfield code="d">31 cm</mxc:subfield>
                    </mxc:datafield>
                    <mxc:datafield tag="300" ind1=" " ind2=" ">
                        <mxc:subfield code="a">
                            Titre de couv. : "Histoire du canton de Saint-Gilles-Croix-de-Vie des origines à l'an 2000"
                        </mxc:subfield>
                    </mxc:datafield>
                    <mxc:datafield tag="300" ind1=" " ind2=" ">
                        <mxc:subfield code="a">Bibliogr. p. 286</mxc:subfield>
                    </mxc:datafield>
                    <mxc:datafield tag="517" ind1="1" ind2=" ">
                        <mxc:subfield code="a">
                            Histoire du canton de Saint-Gilles-Croix-de-Vie des origines à l'an 2000
                        </mxc:subfield>
                    </mxc:datafield>
                    <mxc:datafield tag="607" ind1=" " ind2=" ">
                        <mxc:subfield code="3">12527472</mxc:subfield>
                        <mxc:subfield code="a">Saint-Gilles-Croix-de-Vie (Vendée ; région)</mxc:subfield>
                        <mxc:subfield code="3">11934444</mxc:subfield>
                        <mxc:subfield code="x">Histoire</mxc:subfield>
                        <mxc:subfield code="2">rameau</mxc:subfield>
                    </mxc:datafield>
                    <mxc:datafield tag="676" ind1=" " ind2=" ">
                        <mxc:subfield code="a">944.169</mxc:subfield>
                        <mxc:subfield code="v">23</mxc:subfield>
                    </mxc:datafield>
                    <mxc:datafield tag="686" ind1=" " ind2=" ">
                        <mxc:subfield code="a">93</mxc:subfield>
                        <mxc:subfield code="2">
                            Cadre de classement de la Bibliographie nationale française
                        </mxc:subfield>
                    </mxc:datafield>
                    <mxc:datafield tag="700" ind1=" " ind2="|">
                        <mxc:subfield code="3">11907307</mxc:subfield>
                        <mxc:subfield code="o">ISNI0000000055094789</mxc:subfield>
                        <mxc:subfield code="a">Hérault</mxc:subfield>
                        <mxc:subfield code="b">André-Hubert</mxc:subfield>
                        <mxc:subfield code="f">1947-....</mxc:subfield>
                        <mxc:subfield code="4">070</mxc:subfield>
                    </mxc:datafield>
                    <mxc:datafield tag="701" ind1=" " ind2="|">
                        <mxc:subfield code="3">12746876</mxc:subfield>
                        <mxc:subfield code="o">ISNI0000000045403998</mxc:subfield>
                        <mxc:subfield code="a">Raigniac</mxc:subfield>
                        <mxc:subfield code="b">Jean de</mxc:subfield>
                        <mxc:subfield code="f">1947-....</mxc:subfield>
                        <mxc:subfield code="4">070</mxc:subfield>
                    </mxc:datafield>
                    <mxc:datafield tag="801" ind1=" " ind2="0">
                        <mxc:subfield code="a">FR</mxc:subfield>
                        <mxc:subfield code="b">FR-751131015</mxc:subfield>
                        <mxc:subfield code="c">20308s 1</mxc:subfield>
                        <mxc:subfield code="g">AFNOR</mxc:subfield>
                        <mxc:subfield code="h">FRBNF370944880000008</mxc:subfield>
                        <mxc:subfield code="2">intermrc</mxc:subfield>
                    </mxc:datafield>
                    <mxc:datafield tag="930" ind1=" " ind2=" ">
                        <mxc:subfield code="5">FR-751131007:37094488001001</mxc:subfield>
                        <mxc:subfield code="a">2000-82524</mxc:subfield>
                        <mxc:subfield code="b">759999999</mxc:subfield>
                        <mxc:subfield code="c">
                            Tolbiac - Rez de Jardin - Philosophie, histoire, sciences de l'homme - Magasin
                        </mxc:subfield>
                        <mxc:subfield code="d">O</mxc:subfield>
                    </mxc:datafield>
                </mxc:record>
            </srw:recordData>
            <srw:recordIdentifier>ark:/12148/cb37094488h</srw:recordIdentifier>
            <srw:recordPosition>1</srw:recordPosition>
            <srw:extraRecordData>
                <ixm:attr name="CreationDate">20000308</ixm:attr>
                <ixm:attr name="LastModificationDate">20000801</ixm:attr>
                <mn:score>7.339164</mn:score>
            </srw:extraRecordData>
        </srw:record>
    </srw:records>
</srw:searchRetrieveResponse>
